@article{zapassky2012ancient,
  title={Ancient relation between units of length and volume based on a sphere},
  author={Zapassky, Evgeny and Finkelstein, Israel and Benenson, Itzhak},
  journal={PLOS ONE},
  volume={7},
  number={3},
  pages={e33895},
  year={2012},
  publisher={Public Library of Science}
}

@article{stone2014cubit,
  title={The {Cubit}: {A} {History} and {Measurement} {Commentary}},
  author={Stone, J. R.},
  journal={Journal of Anthropology},
  volume={2014},
  pages={489757},
  year={2014},
  publisher={Hindawi Publishing Corporation}
}

@article{cotter2003using,
  title={Using history to teach mathematics: An international perspective},
  author={Cotter, J. P.},
  journal={The Mathematics Teacher},
  volume={96},
  number={8},
  pages={552--559},
  year={2003},
  publisher={National Council of Teachers of Mathematics}
}

@book{lepsius1865altagyptische,
  title={{Die altägyptische Elle und ihre Eintheilung}},
  author={Lepsius, Richard},
  year={1865},
  publisher={Königliche Akademie der Wissenschaften},
  address={Berlin}
}

@techreport{bipm2019si,
  author={{Bureau International des Poids et Mesures}},
  title={{The International System of Units (SI)}},
  year={2019},
  institution={National Institute of Standards and Technology},
  edition={9th},
  note={DOI: 10.6028/NIST.SP.330-2019}
}

@book{clagett1995ancient,
  title={{Ancient Egyptian Science: A Source Book. Volume Two: Calendars, Clocks, and Astronomy}},
  author={Clagett, Marshall},
  year={1995},
  publisher={American Philosophical Society},
  address={Philadelphia}
}

@book{edwards1972pyramids,
  title={{The Pyramids of Egypt}},
  author={Edwards, I. E. S.},
  year={1972},
  publisher={Penguin Books},
  address={Harmondsworth}
}

@book{neugebauer1969exact,
  title={{The Exact Sciences in Antiquity}},
  author={Neugebauer, Otto},
  year={1969},
  publisher={Dover Publications},
  address={New York},
  edition={2nd}
}

@book{heath1921history,
  title={{A History of Greek Mathematics, Volume 1: From Thales to Euclid}},
  author={Heath, Thomas L.},
  year={1921},
  publisher={The Clarendon Press},
  address={Oxford}
}

@book{imhausen2016mathematics,
  title={{Mathematics in Ancient Egypt: A Contextual History}},
  author={Imhausen, Annette},
  year={2016},
  publisher={Princeton University Press},
  address={Princeton, NJ}
}

@book{petrie1883pyramids,
  title={{The Pyramids and Temples of Gizeh}},
  author={Petrie, W. M. Flinders},
  year={1883},
  publisher={Field \& Tuer},
  address={London}
}

@book{herz-fischler2000shape,
  title={{The Shape of the Great Pyramid}},
  author={Herz-Fischler, Roger},
  year={2000},
  publisher={Wilfrid Laurier University Press},
  address={Waterloo, ON}
}

@book{dunham1999euler,
  title={{Euler: The Master of Us All}},
  author={Dunham, William},
  year={1999},
  publisher={Mathematical Association of America},
  address={Washington, D.C.}
}

@book{derbyshire2003prime,
  title={{Prime Obsession: Bernhard Riemann and the Greatest Unsolved Problem in Mathematics}},
  author={Derbyshire, John},
  year={2003},
  publisher={Joseph Henry Press},
  address={Washington, D.C.}
}

@book{livio2002golden,
  title={{The Golden Ratio: The Story of Phi, the World's Most Astonishing Number}},
  author={Livio, Mario},
  year={2002},
  publisher={Broadway Books},
  address={New York}
}

@article{dash2015survey,
  author    = {Dash, Glen},
  title     = {A New Survey of the Base of the Great Pyramid of Giza Reveals Its Original Size and Orientation},
  journal   = {AERAgram},
  year      = {2015},
  volume    = {16},
  number    = {2},
  pages     = {2--7},
  publisher = {Ancient Egypt Research Associates}
}

@book{helmholtz1885sensations,
  title={{On the Sensations of Tone as a Physiological Basis for the Theory of Music}},
  author={Helmholtz, Hermann L. F.},
  year={1885},
  publisher={Longmans, Green, and Co.},
  address={London},
  note={Translated by Alexander J. Ellis}
}

@incollection{hickmann1957music,
  title={{Music in Ancient Egypt}},
  author={Hickmann, Hans},
  booktitle={{New Oxford History of Music, Volume 1: Ancient and Oriental Music}},
  editor={Wellesz, Egon},
  year={1957},
  publisher={Oxford University Press},
  address={London},
  pages={1--73}
}

@book{plato_laws,
  author    = {Plato},
  title     = {The Laws},
  translator= {Trevor J. Saunders},
  year      = {1970},
  publisher = {Penguin Books},
  address   = {London},
  note      = {Original work c. 360 BCE}
}

@book{diodorus_siculus_library,
  author    = {Diodorus Siculus},
  title     = {The Library of History, Book I},
  translator= {C. H. Oldfather},
  series    = {Loeb Classical Library},
  volume    = {279},
  year      = {1933},
  publisher = {Harvard University Press},
  address   = {Cambridge, MA},
  note      = {Original work c. 60-30 BCE}
}

@book{rossi2004architecture,
  title={{Architecture and Mathematics in Ancient Egypt}},
  author={Rossi, Corinna},
  year={2004},
  publisher={Cambridge University Press},
  address={Cambridge}
}

@book{vandeventer1978space,
  title={{Space in Architecture: The Evolution of a New Idea in the Theory and History of the Modern Movements}},
  author={Van de Ven, Cornelis},
  year={1978},
  publisher={Van Gorcum},
  address={Assen, The Netherlands},
  note={Provides a scholarly analysis of the use of proportion and the golden ratio in classical architecture, including the Parthenon.}
}

@book{badawy1965ancient,
  title={{Ancient Egyptian Architectural Design: A Study of the Proportional System}},
  author={Badawy, Alexander},
  year={1965},
  publisher={University of California Press},
  address={Berkeley, CA}
}

@book{berg1995physics,
  title={{The Physics of Sound}},
  author={Berg, Richard E. and Stork, David G.},
  year={1995},
  publisher={Prentice Hall},
  address={Englewood Cliffs, NJ},
  edition={2nd}
}

@book{vitruvius_de_architectura,
  author    = {Vitruvius Pollio},
  title     = {De architectura (On Architecture)},
  translator= {Morris Hicky Morgan},
  year      = {1914},
  publisher = {Harvard University Press},
  address   = {Cambridge, MA},
  note      = {Original work c. 30-15 BCE. The relevant discussion on acoustics is primarily in Book V.}
}

@article{spence2000ancient,
  title={{Ancient Egyptian chronology and the astronomical orientation of pyramids}},
  author={Spence, Kate},
  journal={Nature},
  volume={408},
  number={6810},
  pages={320--324},
  year={2000},
  publisher={Nature Publishing Group}
}

@book{magli2013architecture,
  title={{Architecture, Astronomy and Sacred Landscape in Ancient Egypt}},
  author={Magli, Giulio},
  year={2013},
  publisher={Cambridge University Press},
  address={Cambridge},
  doi={10.1017/CBO9781139333062}
}

@book{belmonte2023astronomy,
  title={{Astronomy of Ancient Egypt: A Cultural Perspective}},
  author={Belmonte, Juan Antonio},
  year={2023},
  publisher={Cambridge University Press},
  address={Cambridge},
  note={This source represents the most current synthesis of archaeoastronomical research in Egypt.}
}

@book{gardiner1957egyptian,
  title={{Egyptian Grammar: Being an Introduction to the Study of Hieroglyphs}},
  author={Gardiner, Alan H.},
  year={1957},
  publisher={Griffith Institute, Ashmolean Museum},
  address={Oxford},
  edition={3rd},
  note={The definitive reference for Egyptian hieroglyphs and the standard work on the Egyptian language and number system.}
}

@book{gillings1982mathematics,
  title={{Mathematics in the Time of the Pharaohs}},
  author={Gillings, Richard J.},
  year={1982},
  publisher={Dover Publications},
  address={New York},
  note={Originally published 1972 by MIT Press.}
}

@book{clagett1999ancient,
  title={{Ancient Egyptian Science: A Source Book, Volume III: Ancient Egyptian Mathematics}},
  author={Clagett, Marshall},
  year={1999},
  publisher={American Philosophical Society},
  address={Philadelphia, PA}
}

@book{parker1950calendars,
  author    = {Parker, Richard A.},
  title     = {{The Calendars of Ancient Egypt}},
  year      = {1950},
  publisher = {University of Chicago Press},
  series    = {Studies in Ancient Oriental Civilization, No. 26},
  address   = {Chicago, IL},
  note      = {The foundational 20th-century work on the Egyptian civil, lunar, and Sothic calendars, with detailed analysis of the decanal system.}
}

@book{coxeter1973introduction,
  title={{Introduction to Geometry}},
  author={Coxeter, H. S. M.},
  year={1973},
  publisher={John Wiley \& Sons},
  address={New York},
  edition={2nd},
  note={A classic text in geometry, cited here for the standard relationship between a sphere and its circumscribed cube.}
}

@incollection{ritter2002measure,
  author    = {Ritter, James},
  title     = {Measure for Measure: Mathematics in Egypt and Mesopotamia},
  booktitle = {A History of Scientific Thought},
  editor    = {Serres, Michel},
  year      = {2002},
  publisher = {Blackwell Publishers},
  address   = {Oxford},
  pages     = {44--72},
  note      = {Provides a critical analysis of the origin of Horus-Eye fractions, challenging purely mythological narratives and grounding them in scribal practice.}
}

@book{peet1923rhind,
    author = {Thomas Eric Peet},
    title = {The Rhind Mathematical Papyrus: British Museum 10057 and 10058},
    publisher = {University Press of Liverpool / Hodder \& Stoughton Ltd.},
    address = {Liverpool},
    year = {1923},
    pages = {vii + 135},
    note = {With 24 plates. Folio format}
}

@book{chace1927rhind,
    author = {Arnold Buffum Chace and Henry Parker Manning and Ludlow Bull and Raymond Clare Archibald and Stephen Randolph Kingdon Glanville},
    title = {The Rhind Mathematical Papyrus: British Museum 10057 and 10058},
    publisher = {Mathematical Association of America},
    address = {Oberlin, Ohio},
    year = {1927--1929},
    volumes = {2},
    note = {Volume 1 (1927): Free Translation and Commentary, vii + 210 pp. Volume 2 (1929): Photographs, Transcription, Transliteration, Literal Translation, xvi + 31 photographs + 109 plates + 12 + 8 pp.}
}

@book{struve1930moscow,
    author = {Vasily Vasilievich Struve and Boris Turaev},
    title = {Mathematischer Papyrus des Staatlichen Museums der Schönen Künste in Moskau},
    series = {Quellen und Studien zur Geschichte der Mathematik; Abteilung A: Quellen},
    volume = {1},
    publisher = {J. Springer},
    address = {Berlin},
    year = {1930}
}

