@book{Anderson1999,
  author    = {Anderson, John D.},
  title     = {Introduction to Flight},
  edition   = {4th},
  publisher = {McGraw-Hill},
  year      = {1999}
}

@book{Aristotle350BCE,
  author    = {Aristotle},
  title     = {On the {H}eavens},
  year      = {c. 350 BCE},
  translator = {W. K. C. Guthrie},
  publisher = {{Loeb Classical Library}},
  note      = {Guthrie translation published 1939.}
}

@book{Berggren2000,
  author    = {Berggren, J. Lennart and Jones, Alexander},
  title     = {Ptolemy's {G}eography: {A}n {A}nnotated {T}ranslation of the {T}heoretical {C}hapters},
  publisher = {Princeton University Press},
  year      = {2000}
}

@book{Cleomedes150CE,
  author    = {Cleomedes},
  title     = {Cleomedes' {L}ectures on {A}stronomy: {A} {T}ranslation of {T}he {H}eavens},
  year      = {c. 150 CE},
  translator = {Alan C. Bowen and Robert B. Todd},
  publisher = {University of California Press},
  note      = {Bowen and Todd translation published 2004.}
}

@book{Cox2011,
  author    = {Cox, Brian and Forshaw, Jeff},
  title     = {The {Q}uantum {U}niverse: {E}verything {T}hat {C}an {H}appen {D}oes {H}appen},
  publisher = {Allen Lane},
  year      = {2011}
}

@book{Dreyer1953,
  author    = {Dreyer, John Louis Emil},
  title     = {A {H}istory of {A}stronomy from {T}hales to {K}epler},
  publisher = {Dover Publications},
  year      = {1953},
  note      = {Originally published as 'History of the Planetary Systems from Thales to Kepler' (1906).}
}

@article{Dutka1993,
  author  = {Dutka, Jacques},
  title   = {Eratosthenes' {M}easurement of the {E}arth {R}econsidered},
  journal = {Archive for History of Exact Sciences},
  year    = {1993},
  volume  = {46},
  number  = {1},
  pages   = {55--66}
}

@article{Engels1985,
  author  = {Engels, Donald},
  title   = {The {L}ength of {E}ratosthenes' {S}tade},
  journal = {The American Journal of Philology},
  year    = {1985},
  volume  = {106},
  number  = {3},
  pages   = {298--311}
}

@incollection{Goldstein1983,
  author    = {Goldstein, Bernard R.},
  title     = {The {M}ethod of {E}qual {A}ltitudes in the {A}ncient and {M}edieval {W}orlds},
  booktitle = {From {D}eferent to {E}quant: {A} {V}olume of {S}tudies in the {H}istory of {S}cience in the {A}ncient and {M}edieval {N}ear {E}ast in {H}onor of {E}. {S}. {K}ennedy},
  publisher = {New York Academy of Sciences},
  year      = {1983},
  pages     = {147--156}
}

@book{Heath1913,
  author    = {Heath, Thomas L.},
  title     = {Aristarchus of {S}amos, the {A}ncient {C}opernicus},
  publisher = {Oxford University Press},
  year      = {1913}
}

@book{MacLeod2004,
  editor    = {MacLeod, Roy},
  title     = {The {L}ibrary of {A}lexandria: {C}entre of {L}earning in the {A}ncient {W}orld},
  publisher = {I.B. Tauris},
  year      = {2004}
}

@book{Meeus1998,
  author    = {Meeus, Jean},
  title     = {Astronomical {A}lgorithms},
  publisher = {Willmann-Bell, Inc.},
  year      = {1998}
}

@book{Neugebauer1957,
  author    = {Neugebauer, Otto},
  title     = {The {E}xact {S}ciences in {A}ntiquity},
  publisher = {Brown University Press},
  year      = {1957}
}

@book{Neugebauer1975,
  author    = {Neugebauer, Otto},
  title     = {A {H}istory of {A}ncient {M}athematical {A}stronomy},
  publisher = {Springer-Verlag},
  year      = {1975}
}

@book{Pannekoek1961,
  author    = {Pannekoek, Anton},
  title     = {A {H}istory of {A}stronomy},
  publisher = {Interscience Publishers},
  year      = {1961}
}

@book{Pliny77CE,
  author    = {Pliny the Elder},
  title     = {Naturalis {H}istoria},
  year      = {c. 77 CE},
  translator = {H. Rackham},
  publisher = {{Loeb Classical Library}},
  note      = {Rackham translation published 1938.}
}

@book{Popper1959,
  author    = {Popper, Karl R.},
  title     = {The {L}ogic of {S}cientific {D}iscovery},
  publisher = {Hutchinson},
  year      = {1959}
}

@article{Rawlins1982,
  author  = {Rawlins, Dennis},
  title   = {The {E}ratosthenes-{S}trabo {N}ile {M}ap. {I}s {I}t the {P}rototype of the {C}arte {P}isane?},
  journal = {Archive for History of Exact Sciences},
  year    = {1982},
  volume  = {26},
  number  = {3},
  pages   = {211--219}
}

@incollection{Richards1997,
  author    = {Richards, Joan L.},
  title     = {The {R}eception of a {M}athematical {T}heory: {N}on-{E}uclidean {G}eometry in {E}ngland, 1868–1883},
  booktitle = {The {E}nterprise of {S}cience in the {E}arly {M}odern {E}ra},
  publisher = {University of Chicago Press},
  year      = {1997},
  pages     = {163--196}
}

@article{Sinnott1984,
  author  = {Sinnott, Roger W.},
  title   = {Virtues of the {H}aversine},
  journal = {Sky and Telescope},
  year    = {1984},
  volume  = {68},
  number  = {2},
  pages   = {159}
}

@book{Strabo20CE,
  author    = {Strabo},
  title     = {Geographica},
  year      = {c. 20 CE},
  translator = {H. L. Jones},
  publisher = {{Loeb Classical Library}},
  note      = {Jones translation published 1917-1932.}
}

@book{Torge2012,
  author    = {Torge, Wolfgang and Müller, Jürgen},
  title     = {Geodesy},
  edition   = {4th},
  publisher = {De Gruyter},
  year      = {2012}
}

@book{Vanicek1986,
  author    = {Vaníček, Petr and Krakiwsky, Edward J.},
  title     = {Geodesy: {T}he {C}oncepts},
  edition   = {2nd},
  publisher = {Elsevier},
  year      = {1986}
}

@book{Cleomedes1990,
  author     = {Cleomedes},
  title      = {On the Circular Motions of the Celestial Bodies},
  year       = {1990},
  translator = {I. G. Kidd and L. G. Westerink},
  publisher  = {Hakkert},
  note       = {An alternative scholarly translation of Cleomedes' primary account of the experiment.}
}

@book{Heath1921,
  author    = {Heath, Thomas L.},
  title     = {A History of Greek Mathematics, Vol. 2: From Aristarchus to Diophantus},
  publisher = {Clarendon Press},
  year      = {1921},
  address   = {Oxford},
  note      = {A foundational text providing a rigorous mathematical and historical analysis of Eratosthenes' geodetic work.}
}